<?xml version="1.0" encoding="UTF-8"?><collection xmlns="http://www.loc.gov/MARC21/slim"><record><leader>00371nam--2200145-i-4500</leader><controlfield tag="001">000001775</controlfield><controlfield tag="002">20161230</controlfield><controlfield tag="005">20161230201024</controlfield><controlfield tag="008">060222s1000------------r-----000-0-eng-d</controlfield><datafield ind1=" " ind2=" " tag="080"><subfield code="a">62-52:512</subfield></datafield><datafield ind1=" " ind2=" " tag="100"><subfield code="a">Ginzburg, Abraham</subfield></datafield><datafield ind1=" " ind2=" " tag="245"><subfield code="a">Algebric theory of automata</subfield></datafield><datafield ind1=" " ind2=" " tag="260"><subfield code="a">New York, Academic Press, 1968. Ix + 165 P</subfield></datafield><datafield ind1=" " ind2=" " tag="490"><subfield code="a">Acm Monograph Series</subfield></datafield><datafield ind1=" " ind2=" " tag="852"><subfield code="a">29448</subfield></datafield></record></collection>